@article{levin1998approximation,
  title={The approximation power of moving least-squares},
  author={Levin, David},
  journal={Mathematics of Computation of the American Mathematical Society},
  volume={67},
  number={224},
  pages={1517--1531},
  year={1998}
}